@article{1,
  title={Important causes of visual impairment in the world today},
  author={Congdon, Nathan G and Friedman, David S and Lietman, Thomas},
  journal={Jama},
  volume={290},
  number={15},
  pages={2057--2060},
  year={2003},
  publisher={American Medical Association}
}

@article{2,
  title={Complications of diabetes: screening for retinopathy and management of foot ulcers},
  author={Melville, Arabella and Richardson, Rachel and Mason, James and McIntosh, Aileen and O'Keeffe, Colin and Peters, Jean and Hutchinson, Allen},
  journal={BMJ Quality \& Safety},
  volume={9},
  number={2},
  pages={137--141},
  year={2000},
  publisher={BMJ Publishing Group Ltd}
}

@inproceedings{3,
  title={Case for automated detection of diabetic retinopathy},
  author={Silberman, Nathan and Ahrlich, Kristy and Fergus, Rob and Subramanian, Lakshminarayanan},
  booktitle={2010 AAAI Spring Symposium Series},
  year={2010}
}


@article{idrid,
  title={IDRiD: Diabetic Retinopathy--Segmentation and Grading Challenge},
  author={Porwal, Prasanna and Pachade, Samiksha and Kokare, Manesh and Deshmukh, Girish and Son, Jaemin and Bae, Woong and Liu, Lihong and Wang, Jianzong and Liu, Xinhui and Gao, Liangxin and others},
  journal={Medical image analysis},
  volume={59},
  pages={101561},
  year={2020},
  publisher={Elsevier}
}

@inproceedings{unet,
  title={U-net: Convolutional networks for biomedical image segmentation},
  author={Ronneberger, Olaf and Fischer, Philipp and Brox, Thomas},
  booktitle={International Conference on Medical image computing and computer-assisted intervention},
  pages={234--241},
  year={2015},
  organization={Springer}
}

@misc{6,
  title = {Cell tracking Challenge},
  howpublished = {\url{http://www.codesolorzano.com/celltrackingchallenge}},
  note = {Accessed: 2019-11-14}
}

@misc{7,
  title = {Segmentation Challenge},
  howpublished = {\url{http://brainiac2.mit.edu/isbi-challenge/}},
  note = {Accessed: 2019-11-13}
}

@misc{9,
  title = {Kaggle Challenge},
  howpublished = {\url{https://www.kaggle.com/c/diabetic-retinopathy-detection}},
  note = {Accessed: 2019-11-16}
}

@article{8,
  title={Deep Learning based Early Detection and Grading of Diabetic Retinopathy Using Retinal Fundus Images},
  author={Islam, Sheikh Muhammad Saiful and Hasan, Md Mahedi and Abdullah, Sohaib},
  journal={arXiv preprint arXiv:1812.10595},
  year={2018}
}

@article{torch,
  title={Automatic differentiation in PyTorch},
  author={Paszke, Adam and Gross, Sam and Chintala, Soumith and Chanan, Gregory and Yang, Edward and DeVito, Zachary and Lin, Zeming and Desmaison, Alban and Antiga, Luca and Lerer, Adam},
  year={2017}
}


@INPROCEEDINGS{res,
author={K. {He} and X. {Zhang} and S. {Ren} and J. {Sun}},
booktitle={2016 IEEE Conference on Computer Vision and Pattern Recognition (CVPR)},
title={Deep Residual Learning for Image Recognition},
year={2016},
volume={},
number={},
pages={770-778},
keywords={image classification;learning (artificial intelligence);neural nets;object detection;COCO segmentation;ImageNet localization;ILSVRC & COCO 2015 competitions;deep residual nets;COCO object detection dataset;visual recognition tasks;CIFAR-10;ILSVRC 2015 classification task;ImageNet test set;VGG nets;residual nets;ImageNet dataset;residual function learning;deeper neural network training;image recognition;deep residual learning;Training;Degradation;Complexity theory;Image recognition;Neural networks;Visualization;Image segmentation},
doi={10.1109/CVPR.2016.90},
ISSN={1063-6919},
month={June},}